<record><leader>00000cas a22000007a 4500</leader><controlfield tag="001">20254303</controlfield><controlfield tag="008">890825d18921892txuwr ne      0    0eng d</controlfield><datafield ind1=" " ind2=" " tag="010"><subfield code="a">sn 89071369 </subfield></datafield><datafield ind1=" " ind2=" " tag="040"><subfield code="a">NYS</subfield><subfield code="b">eng</subfield><subfield code="c">NYS</subfield><subfield code="d">OCLCQ</subfield></datafield><datafield ind1=" " ind2=" " tag="042"><subfield code="a">msc</subfield></datafield><datafield ind1="0" ind2=" " tag="130"><subfield code="a">Baptist standard (Dallas, Tex. : 1892)</subfield></datafield><datafield ind1="1" ind2="4" tag="245"><subfield code="a">The Baptist standard.</subfield></datafield><datafield ind1=" " ind2=" " tag="260"><subfield code="a">Dallas, Tex. :</subfield><subfield code="b">M.V. Smith &amp; J.B. Cranfill,</subfield><subfield code="c">1892-1892.</subfield></datafield><datafield ind1=" " ind2=" " tag="300"><subfield code="a">v.</subfield></datafield><datafield ind1=" " ind2=" " tag="310"><subfield code="a">Weekly</subfield></datafield><datafield ind1="0" ind2=" " tag="362"><subfield code="a">Vol. 4, no. 32 (Mar. 3, 1892)-v. 6, no. 21 (Apr. 28, 1892).</subfield></datafield><datafield ind1=" " ind2=" " tag="515"><subfield code="a">Volume numbering irregular.</subfield></datafield><datafield ind1=" " ind2=" " tag="752"><subfield code="a">United States</subfield><subfield code="b">Texas</subfield><subfield code="c">Dallas</subfield><subfield code="d">Dallas.</subfield></datafield><datafield ind1="0" ind2="0" tag="780"><subfield code="t">Western Baptist (Dallas, Tex.)</subfield><subfield code="w">(DLC)sn 88083251</subfield></datafield><datafield ind1="0" ind2="0" tag="785"><subfield code="t">Texas Baptist standard</subfield><subfield code="w">(DLC)sn 88083064</subfield></datafield></record>